@article{Pereira2016AutomaticFields,
    title = {{Automatic brain tissue segmentation in MR images using Random Forests and Conditional Random Fields}},
    year = {2016},
    journal = {Journal of Neuroscience Methods},
    author = {Pereira, Sérgio and Pinto, Adriano and Oliveira, Jorge and Mendrik, Adriënne M. and Correia, José H. and Silva, Carlos A.},
    month = {9},
    pages = {111--123},
    volume = {270},
    publisher = {Elsevier B.V.},
    doi = {10.1016/j.jneumeth.2016.06.017},
    issn = {1872678X},
    pmid = {27329005},
    keywords = {Brain segmentation, Conditional Random Field, Magnetic resonance imaging, Random Forest}
}

@article{Chen2016DeepLab:CRFs,
    title = {{DeepLab: Semantic Image Segmentation with Deep Convolutional Nets, Atrous Convolution, and Fully Connected CRFs}},
    year = {2016},
    author = {Chen, Liang-Chieh and Papandreou, George and Kokkinos, Iasonas and Murphy, Kevin and Yuille, Alan L.},
    month = {6},
    url = {http://arxiv.org/abs/1606.00915},
    arxivId = {1606.00915}
}

@article{Krahenbuhl2012EfficientPotentials,
    title = {{Efficient Inference in Fully Connected CRFs with Gaussian Edge Potentials}},
    year = {2012},
    author = {Kr{\"{a}}henb{\"{u}}hl, Philipp and Koltun, Vladlen},
    month = {10},
    url = {http://arxiv.org/abs/1210.5644},
    arxivId = {1210.5644}
}

@article{Kamnitsas2017EfficientSegmentation,
    title = {{Efficient multi-scale 3D CNN with fully connected CRF for accurate brain lesion segmentation}},
    year = {2017},
    journal = {Medical Image Analysis},
    author = {Kamnitsas, Konstantinos and Ledig, Christian and Newcombe, Virginia F.J. and Simpson, Joanna P. and Kane, Andrew D. and Menon, David K. and Rueckert, Daniel and Glocker, Ben},
    month = {2},
    pages = {61--78},
    volume = {36},
    publisher = {Elsevier B.V.},
    doi = {10.1016/j.media.2016.10.004},
    issn = {13618423},
    pmid = {27865153},
    arxivId = {1603.05959},
    keywords = {3D convolutional neural network, Brain lesions, Deep learning, Fully connected CRF, Segmentation}
}

@article{Liu2018EfficientImages,
    title = {{Efficient patch-wise semantic segmentation for large-scale remote sensing images}},
    year = {2018},
    journal = {Sensors (Switzerland)},
    author = {Liu, Yan and Ren, Qirui and Geng, Jiahui and Ding, Meng and Li, Jiangyun},
    number = {10},
    month = {10},
    volume = {18},
    publisher = {MDPI AG},
    doi = {10.3390/s18103232},
    issn = {14248220},
    pmid = {30257526},
    keywords = {Fully convolutional network, Image segmentation, Multi-scale, Patch-wise, Remote sensing}
}

@book{InstituteofElectricalandElectronicsEngineers.DelhiSectionProceedingsDelhi.,
    title = {{Proceedings of the 2019 6th International Conference on Computing for Sustainable Global Development (INDIACom) : 13 - 15 March 2019, Bharati Vidyapeeth, New Delhi.}},
    author = {{Institute of Electrical and Electronics Engineers. Delhi Section} and Bharati Vidyapeeth University (Pune, India) and INDIAcom (Conference) (13th : 2019 : New Delhi, India)},
    isbn = {9789380544342}
}